@comment{x-kbibtex-personnameformatting=<%l><, %f>}

@article{2016A&A...595A...2G,
   author = "{Gaia Collaboration} and {Brown}, A.~G.~A. and {Vallenari}, A. and 
	{Prusti}, T. and {de Bruijne}, J.~H.~J. and {Mignard}, F. and 
	{Drimmel}, R. and {Babusiaux}, C. and {Bailer-Jones}, C.~A.~L. and 
	{Bastian}, U. and et al.",
    title = "{Gaia Data Release 1. Summary of the astrometric, photometric, and survey properties}",
  journal = "A\&A",
     year = "2016",
    month = "nov",
   volume = "595",
    pages = "A2",
      doi = "10.1051/0004-6361/201629512",
   adsurl = "http://adsabs.harvard.edu/abs/2016A%26A...595A...2G"
}

@article{2016ApJ...821...89B,
   author = "{Bryan}, M.~L. and {Knutson}, H.~A. and {Howard}, A.~W. and 
	{Ngo}, H. and {Batygin}, K. and {Crepp}, J.~R. and {Fulton}, B.~J. and 
	{Hinkley}, S. and {Isaacson}, H. and {Johnson}, J.~A. and {Marcy}, G.~W. and 
	{Wright}, J.~T.",
    title = "{Statistics of Long Period Gas Giant Planets in Known Planetary Systems}",
  journal = "ApJ",
     year = "2016",
    month = "apr",
   volume = "821",
    pages = "89",
      doi = {10.3847/0004-637X/821/2/89},
   adsurl = "http://adsabs.harvard.edu/abs/2016ApJ...821...89B"
}

@article{2016ApJ...825..127R,
   author = "{Ryu}, T. and {Sato}, B. and {Kuzuhara}, M. and {Narita}, N. and 
	{Takahashi}, Y.~H. and {Uyama}, T. and {Kudo}, T. and {Kusakabe}, N. and 
	{Hashimoto}, J. and {Omiya}, M. and {Harakawa}, H. and {Abe}, L. and 
	{Ando}, H. and {Brandner}, W. and {Brandt}, T.~D. and {Carson}, J.~C. and 
	{Currie}, T. and {Egner}, S. and {Feldt}, M. and {Goto}, M. and 
	{Grady}, C.~A. and {Guyon}, O. and {Hayano}, Y. and {Hayashi}, M. and 
	{Hayashi}, S.~S. and {He{\l}miniak}, K.~G. and {Henning}, T. and 
	{Hodapp}, K.~W. and {Ida}, S. and {Ishii}, M. and {Itoh}, Y. and 
	{Iye}, M. and {Izumiura}, H. and {Janson}, M. and {Kambe}, E. and 
	{Kandori}, R. and {Knapp}, G.~R. and {Kokubo}, E. and {Kwon}, J. and 
	{Matsuo}, T. and {Mayama}, S. and {McElwain}, M.~W. and {Mede}, K. and 
	{Miyama}, S. and {Morino}, J.-I. and {Moro-Martin}, A. and {Nishimura}, T. and 
	{Pyo}, T.-S. and {Serabyn}, E. and {Suenaga}, T. and {Suto}, H. and 
	{Suzuki}, R. and {Takami}, M. and {Takato}, N. and {Takeda}, Y. and 
	{Terada}, H. and {Thalmann}, C. and {Turner}, E.~L. and {Watanabe}, M. and 
	{Wisniewski}, J. and {Yamada}, T. and {Yoshida}, M. and {Takami}, H. and 
	{Usuda}, T. and {Tamura}, M.",
    title = "{High-contrast Imaging of Intermediate-mass Giants with Long-term Radial Velocity Trends}",
  journal = "ApJ",
     year = "2016",
    month = "jul",
   volume = "825",
    pages = "127",
      doi = "10.3847/0004-637X/825/2/127",
   adsurl = "http://adsabs.harvard.edu/abs/2016ApJ...825..127R"
}

@article{2012ApJS..201...15H,
   author = "{Howard}, A.~W. and {Marcy}, G.~W. and {Bryson}, S.~T. and {Jenkins}, J.~M. and 
	{Rowe}, J.~F. and {Batalha}, N.~M. and {Borucki}, W.~J. and 
	{Koch}, D.~G. and {Dunham}, E.~W. and {Gautier}, III, T.~N. and 
	{Van Cleve}, J. and {Cochran}, W.~D. and {Latham}, D.~W. and 
	{Lissauer}, J.~J. and {Torres}, G. and {Brown}, T.~M. and {Gilliland}, R.~L. and 
	{Buchhave}, L.~A. and {Caldwell}, D.~A. and {Christensen-Dalsgaard}, J. and 
	{Ciardi}, D. and {Fressin}, F. and {Haas}, M.~R. and {Howell}, S.~B. and 
	{Kjeldsen}, H. and {Seager}, S. and {Rogers}, L. and {Sasselov}, D.~D. and 
	{Steffen}, J.~H. and {Basri}, G.~S. and {Charbonneau}, D. and 
	{Christiansen}, J. and {Clarke}, B. and {Dupree}, A. and {Fabrycky}, D.~C. and 
	{Fischer}, D.~A. and {Ford}, E.~B. and {Fortney}, J.~J. and 
	{Tarter}, J. and {Girouard}, F.~R. and {Holman}, M.~J. and {Johnson}, J.~A. and 
	{Klaus}, T.~C. and {Machalek}, P. and {Moorhead}, A.~V. and 
	{Morehead}, R.~C. and {Ragozzine}, D. and {Tenenbaum}, P. and 
	{Twicken}, J.~D. and {Quinn}, S.~N. and {Isaacson}, H. and {Shporer}, A. and 
	{Lucas}, P.~W. and {Walkowicz}, L.~M. and {Welsh}, W.~F. and 
	{Boss}, A. and {Devore}, E. and {Gould}, A. and {Smith}, J.~C. and 
	{Morris}, R.~L. and {Prsa}, A. and {Morton}, T.~D. and {Still}, M. and 
	{Thompson}, S.~E. and {Mullally}, F. and {Endl}, M. and {MacQueen}, P.~J.",
    title = "{Planet Occurrence within 0.25 AU of Solar-type Stars from Kepler}",
  journal = "ApJS",
     year = "2012",
    month = "aug",
   volume = "201",
    pages = "15",
      doi = "10.1088/0067-0049/201/2/15",
   adsurl = "http://adsabs.harvard.edu/abs/2012ApJS..201...15H"
}

@article{2011AAS...21741506H,
   author = "{Howard}, A. and {Marcy}, G. and {Johnson}, J.~A. and {Fischer}, D. and 
	{Wright}, J. and {Valenti}, J. and {Anderson}, J. and {Lin}, D.~N.~C. and 
	{Ida}, S.",
    title = "{The Occurrence And Mass Distribution Of Close-in Super-earths, Neptunes, And Jupiters}",
booktitle = {American Astronomical Society Meeting Abstracts \#217},
     year = "2011",
   series = "Bulletin of the American Astronomical Society",
   volume = "43",
    month = "jan",
    pages = "415.06",
   adsurl = "http://adsabs.harvard.edu/abs/2011AAS...21741506H"
}

@article{2017MNRAS.471..740O,
   author = "{Osborn}, H.~P. and {Rodriguez}, J.~E. and {Kenworthy}, M.~A. and 
	{Kennedy}, G.~M. and {Mamajek}, E.~E. and {Robinson}, C.~E. and 
	{Espaillat}, C.~C. and {Armstrong}, D.~J. and {Shappee}, B.~J. and 
	{Bieryla}, A. and {Latham}, D.~W. and {Anderson}, D.~R. and 
	{Beatty}, T.~G. and {Berlind}, P. and {Calkins}, M.~L. and {Esquerdo}, G.~A. and 
	{Gaudi}, B.~S. and {Hellier}, C. and {Holoien}, T.~W.-S. and 
	{James}, D. and {Kochanek}, C.~S. and {Kuhn}, R.~B. and {Lund}, M.~B. and 
	{Pepper}, J. and {Pollacco}, D.~L. and {Prieto}, J.~L. and {Siverd}, R.~J. and 
	{Stassun}, K.~G. and {Stevens}, D.~J. and {Stanek}, K.~Z. and 
	{West}, R.~G.",
    title = "{Periodic eclipses of the young star PDS 110 discovered with WASP and KELT photometry}",
  journal = "MNRAS",
     year = "2017",
    month = "oct",
   volume = "471",
    pages = "740-749",
      doi = "10.1093/mnras/stx1249",
   adsurl = "http://adsabs.harvard.edu/abs/2017MNRAS.471..740O"
}

@article{2011PhDT.......294K,
   author = "{Kipping}, D.~M.",
    title = "{The Transits of Extrasolar Planets with Moons}",
   school = "PhD Thesis, 2011",
     year = "2011",
    month = "May",
   adsurl = "http://adsabs.harvard.edu/abs/2011PhDT.......294K"
}


@article{2017ApJ...839L..19K,
   author = "{Kane}, S.~R.",
    title = "{Worlds without Moons: Exomoon Constraints for Compact Planetary Systems}",
  journal = "ApJ",
     year = "2017",
    month = "apr",
   volume = "839",
    pages = "L19",
      doi = "10.3847/2041-8213/aa6bf2",
   adsurl = "http://adsabs.harvard.edu/abs/2017ApJ...839L..19K"
}


@article{1998ApJ...508..707Q,
   author = "{Quillen}, A.~C. and {Trilling}, D.~E.",
    title = "{Do Proto-jovian Planets Drive Outflows?}",
  journal = "ApJ",
     year = "1998",
    month = "dec",
   volume = "508",
    pages = "707-713",
      doi = "10.1086/306421",
   adsurl = "http://adsabs.harvard.edu/abs/1998ApJ...508..707Q"
}

@article{2017arXiv170104706H,
   author = "{Heller}, R.",
    title = "{On the Detection of Extrasolar Moons and Rings}",
  journal = "ArXiv e-prints",
     year = "2017",
    month = "jan",
   adsurl = "http://adsabs.harvard.edu/abs/2017arXiv170104706H"
}

@article{1538-3881-134-5-2061,
  author  = "{Ing-Guey} Jiang and {Li-Chin} Yeh and {Yen-Chang} Chang and {Wen-Liang} Hung",
  title   = "{On the Mass-Period Distributions and Correlations of Extrasolar Planets}",
  journal = "ApJ",
  year    = "2007",
  volume  = "134",
  number  = "5",
  pages   = "2061",
  adsurl  = "http://stacks.iop.org/1538-3881/134/i=5/a=2061"
}

@article{1984Icar...58..121B,
   author = "{Borucki}, W.~J. and {Summers}, A.~L.",
    title = "{The photometric method of detecting other planetary systems}",
  journal = "ICARUS",
     year = "1984",
    month = "apr",
   volume = "58",
    pages = "121-134",
      doi = "10.1016/0019-1035(84)90102-7",
   adsurl = "http://adsabs.harvard.edu/abs/1984Icar...58..121B"
}

@article{2010lyot.confE..13N,
   author = "{Nielsen}, E.~L. and {Close}, L.~M. and {Liu}, M. and {Biller}, Wahhaj, Z., B.~A.",
    title = "{A Uniform Analysis of 118 Stars with High-contrast Imaging: Long-period Extrasolar Giant Planets are Rare Around Sun-like Stars}",
booktitle = "In the Spirit of Lyot 2010",
     year = "2010",
    month = "oct",
   adsurl = "http://adsabs.harvard.edu/abs/2010lyot.confE..13N"
}

@article{2010EAS....41..107N,
   author = "{Nielsen}, E.~L. and {Close}, L.~M. and {Biller}, B.~A. and 
	{Masciadri}, E. and {Lenzen}, R.",
    title = "{Constraints on Extrasolar Planet Populations from VLT NACO/SDI and MMT SDI and Direct Adaptive Optics Imaging Surveys: Giant Planets are Rare at Large Separations}",
booktitle = "EAS Publications Series",
     year = "2010",
   series = "EAS Publications Series",
   volume = "41",
    month = "jan",
    pages = "107-110",
      doi = "10.1051/eas/1041008",
   adsurl = "http://adsabs.harvard.edu/abs/2010EAS....41..107N"
}

@article{0004-637X-773-2-179,
  author  = "{Zahed Wahhaj} and {Michael} C. Liu and {Eric} L. Nielsen and {Beth} A. Biller and {Thomas} L. Hayward and {Laird} M. Close and {Jared} R.
Males and {Andrew} Skemer and {Christ} Ftaclas and {Mark} Chun and {Niranjan} Thatte and {Matthias} Tecza and {Evgenya} L. Shkolnik and {Marc}
Kuchner and I. {Neill} Reid and {Elisabete} M. de Gouveia Dal Pino and {Silvia} H. P. Alencar and {Jane} Gregorio-Hetem and {Alan}
Boss and {Douglas} N. C. Lin and {Douglas} W. Toomey",
  title   = "{The Gemini Planet-finding Campaign: The Frequency Of Giant Planets around Debris Disk Stars}",
  journal = "ApJ",
  year    = "2013",
  volume  = "773",
  number  = "2",
  pages   = "179",
  url     = "http://stacks.iop.org/0004-637X/773/i=2/a=179"
}

@article{2018arXiv180109569B,
   author = "{Brogi}, M. and {Giacobbe}, P. and {Guilluy}, G. and {de Kok}, R.~J. and 
	{Sozzetti}, A. and {Mancini}, L. and {Bonomo}, A.~S.",
    title = "{Exoplanet atmospheres with GIANO. I. Water in the transmission spectrum of HD 189733b}",
  journal = "ArXiv e-prints",
     year = "2018",
    month = "jan",
   adsurl = "http://adsabs.harvard.edu/abs/2018arXiv180109569B"
}

@article{1999AJ....117..354D,
   author = "{de Zeeuw}, P.~T. and {Hoogerwerf}, R. and {de Bruijne}, J.~H.~J. and 
	{Brown}, A.~G.~A. and {Blaauw}, A.",
    title = "{A HIPPARCOS Census of the Nearby OB Associations}",
  journal = "AJ",
     year = "1999",
    month = "jan",
   volume = "117",
    pages = "354-399",
      doi = "10.1086/300682",
   adsurl = "http://adsabs.harvard.edu/abs/1999AJ....117..354D"
}

@article{2018MNRAS.tmp..210W,
   author = "{Wright}, N.~J. and {Mamajek}, E.~E.",
    title = "{The Kinematics of the Scorpius-Centaurus OB Association from Gaia DR1}",
  journal = "MNRAS",
     year = "2018",
    month = "jan",
      doi = "10.1093/mnras/sty207",
   adsurl = "http://adsabs.harvard.edu/abs/2018MNRAS.tmp..210W"
}

@article{2018arXiv180200878M,
   author = "{Moolekamp}, F.~E. and {Mamajek}, E.~E. and {James}, D.~J. and 
	{Luhman}, K.~L. and {Pecaut}, M.~J. and {Metchev}, S.~A. and 
	{Bell}, C.~P.~M. and {Denbo}, S.~R.",
    title = "{DECam Survey for Low-Mass Stars and Substellar Objects in the UCL and LCC Subgroups of the Sco-Cen OB Association (SCOCENSUS)}",
  journal = "ArXiv e-prints",
     year = "2018",
    month = "feb",
   adsurl = "http://adsabs.harvard.edu/abs/2018arXiv180200878M"
}


@article{2008PASP..120..531C,
   author = "{Cumming}, A. and {Butler}, R.~P. and {Marcy}, G.~W. and {Vogt}, S.~S. and 
	{Wright}, J.~T. and {Fischer}, D.~A.",
    title = "{The Keck Planet Search: Detectability and the Minimum Mass and Orbital Period Distribution of Extrasolar Planets}",
  journal = "PASP",
     year = "2008",
    month = "may",
   volume = "120",
    pages = "531",
      doi = "10.1086/588487",
   adsurl = "http://adsabs.harvard.edu/abs/2008PASP..120..531C"
}

@article{2006ApJ...646..505B,
   author = "{Butler}, R.~P. and {Wright}, J.~T. and {Marcy}, G.~W. and {Fischer}, D.~A. and 
	{Vogt}, S.~S. and {Tinney}, C.~G. and {Jones}, H.~R.~A. and 
	{Carter}, B.~D. and {Johnson}, J.~A. and {McCarthy}, C. and 
	{Penny}, A.~J.",
    title = "{Catalog of Nearby Exoplanets}",
  journal = "ApJ",
     year = "2006",
    month = "jul",
   volume = "646",
    pages = "505-522",
      doi = "10.1086/504701",
   adsurl = "http://adsabs.harvard.edu/abs/2006ApJ...646..505B"
}

@article{2002ApJ...568L.113Z,
   author = "{Zucker}, S. and {Mazeh}, T.",
    title = "{On the Mass-Period Correlation of the Extrasolar Planets}",
  journal = "ApJL",
     year = "2002",
    month = "apr",
   volume = "568",
    pages = "L113-L116",
      doi = "10.1086/340373",
   adsurl = "http://adsabs.harvard.edu/abs/2002ApJ...568L.113Z"
}

@article{2004CMS...46.397M,
   author = "{Magnussen}, S.",
    title = "{An algorithm for generating positively correlated Beta-distributed random variables with known marginal distributions and a specified correlation}",
  journal = "CMStatistics",
     year = "2004",
    month = "feb",
   volume = "46(2)",
    pages = "397-406"
}

@article{1955ApJ...121..161S,
   author = "{Salpeter}, E.~E.",
    title = "{The Luminosity Function and Stellar Evolution.}",
  journal = "ApJ",
     year = "1955",
    month = "jan",
   volume = "121",
    pages = "161",
      doi = "10.1086/145971",
   adsurl = "http://adsabs.harvard.edu/abs/1955ApJ...121..161S"
}

@article{2001MNRAS.322..231K,
   author = "{Kroupa}, P.",
    title = "{On the variation of the initial mass function}",
  journal = "MNRAS",
     year = "2001",
    month = "apr",
   volume = "322",
    pages = "231-246",
      doi = "10.1046/j.1365-8711.2001.04022.x",
   adsurl = "http://adsabs.harvard.edu/abs/2001MNRAS.322..231K"
}

@article{2012Natur.481..167C,
   author = "{Cassan}, A. and {Kubas}, D. and {Beaulieu}, J.-P. and {Dominik}, M. and 
	{Horne}, K. and {Greenhill}, J. and {Wambsganss}, J. and {Menzies}, J. and 
	{Williams}, A. and {J{\o}rgensen}, U.~G. and {Udalski}, A. and 
	{Bennett}, D.~P. and {Albrow}, M.~D. and {Batista}, V. and {Brillant}, S. and 
	{Caldwell}, J.~A.~R. and {Cole}, A. and {Coutures}, C. and {Cook}, K.~H. and 
	{Dieters}, S. and {Dominis Prester}, D. and {Donatowicz}, J. and 
	{Fouqu{\'e}}, P. and {Hill}, K. and {Kains}, N. and {Kane}, S. and 
	{Marquette}, J.-B. and {Martin}, R. and {Pollard}, K.~R. and 
	{Sahu}, K.~C. and {Vinter}, C. and {Warren}, D. and {Watson}, B. and 
	{Zub}, M. and {Sumi}, T. and {Szyma{\'n}ski}, M.~K. and {Kubiak}, M. and 
	{Poleski}, R. and {Soszynski}, I. and {Ulaczyk}, K. and {Pietrzy{\'n}ski}, G. and 
	{Wyrzykowski}, {\L}.",
    title = "{One or more bound planets per Milky Way star from microlensing observations}",
  journal = "Nature",
     year = "2012",
    month = "jan",
   volume = "481",
    pages = "167-169",
      doi = "10.1038/nature10684",
   adsurl = "http://adsabs.harvard.edu/abs/2012Natur.481..167C"
}

@article{2016A&A...596A...9R,
   author = "{Rieder}, S. and {Kenworthy}, M.~A.",
    title = "{Constraints on the size and dynamics of the J1407b ring system}",
  journal = "A\&A",
     year = "2016",
    month = "nov",
   volume = "596",
    pages = "A9",
      doi = "10.1051/0004-6361/201629567",
   adsurl = "http://adsabs.harvard.edu/abs/2016A%26A...596A...9R"
}

@article{2016A&A...595A...1G,
   author = "{Gaia Collaboration} and {Prusti}, T. and {de Bruijne}, J.~H.~J. and 
	{Brown}, A.~G.~A. and {Vallenari}, A. and {Babusiaux}, C. and 
	{Bailer-Jones}, C.~A.~L. and {Bastian}, U. and {Biermann}, M. and 
	{Evans}, D.~W. and et al.",
    title = "{The Gaia mission}",
  journal = "A\&A",
     year = "2016",
    month = "nov",
   volume = "595",
    pages = "A1",
      doi = "10.1051/0004-6361/201629272",
   adsurl = "http://adsabs.harvard.edu/abs/2016A%26A...595A...1G"
}

@article{2003AJ....126..398N,
   author = "{Nesvorn{\'y}}, D. and {Alvarellos}, J.~L.~A. and {Dones}, L. and 
	{Levison}, H.~F.",
    title = "{Orbital and Collisional Evolution of the Irregular Satellites}",
  journal = "AJ",
     year = "2003",
    month = "jul",
   volume = "126",
    pages = "398-429",
      doi = "10.1086/375461",
   adsurl = "http://adsabs.harvard.edu/abs/2003AJ....126..398N"
}

@inbook{2013pss3.book..309T,
   author = "{Tiscareno}, M.~S.",
    title = "{Planetary Rings}",
booktitle = "{Planets, Stars and Stellar Systems.~Volume 3: Solar and Stellar Planetary Systems}",
     year = "2013",
   editor = "{Oswalt}, T.~D. and {French}, L.~M. and {Kalas}, P.",
    pages = "309",
      doi = "10.1007/978-94-007-5606-9_7",
   adsurl = "http://adsabs.harvard.edu/abs/2013pss3.book..309T"
}

@article{1994P&SS...42.1139C,
   author = "{Colwell}, J.~E.",
    title = "{The disruption of planetary satellites and the creation of planetary rings}",
  journal = "Planet. Space Sci.",
     year = "1994",
    month = "dec",
   volume = "42",
    pages = "1139-1149",
      doi = "10.1016/0032-0633(94)90013-2",
   adsurl = "http://adsabs.harvard.edu/abs/1994P%26SS...42.1139C"
}

@inproceedings{1984prin.conf..641H,
   author = "{Harris}, A.~W.",
    title = "{The origin and evolution of planetary rings}",
booktitle = "IAU Colloq. 75: Planetary Rings",
     year = "1984",
   editor = "{Greenberg}, R. and {Brahic}, A.",
    pages = "641-659",
   adsurl = "http://adsabs.harvard.edu/abs/1984prin.conf..641H"
}

@inbook{2009sfch.book..537C,
   author = "{Charnoz}, S. and {Dones}, L. and {Esposito}, L.~W. and {Estrada}, P.~R. and 
	{Hedman}, M.~M.",
    title = "{Origin and Evolution of Saturn's Ring System}",
booktitle = "Saturn from Cassini-Huygens",
     year = "2009",
   editor = "{Dougherty}, M.~K. and {Esposito}, L.~W. and {Krimigis}, S.~M.",
    pages = "537",
      doi = "10.1007/978-1-4020-9217-6_17",
   adsurl = "http://adsabs.harvard.edu/abs/2009sfch.book..537C"
}

@article{2009Icar..199..413C,
   author = "{Charnoz}, S. and {Morbidelli}, A. and {Dones}, L. and {Salmon}, J.",
    title = "{Did Saturn's rings form during the Late Heavy Bombardment?}",
  journal = "ICARUS",
     year = "2009",
    month = "feb",
   volume = "199",
    pages = "413-428",
      doi = "10.1016/j.icarus.2008.10.019",
   adsurl = "http://adsabs.harvard.edu/abs/2009Icar..199..413C"
}

@article{2010Natur.468..943C,
   author = "{Canup}, R.~M.",
    title = "{Origin of Saturn's rings and inner moons by mass removal from a lost Titan-sized satellite}",
  journal = "Nature",
     year = "2010",
    month = "dec",
   volume = "468",
    pages = "943-946",
      doi = "10.1038/nature09661",
   adsurl = "http://adsabs.harvard.edu/abs/2010Natur.468..943C"
}

@article{2016ApJS..222....8D,
   author = "{Dotter}, A.",
    title = "{MESA Isochrones and Stellar Tracks (MIST) 0: Methods for the Construction of Stellar Isochrones}",
  journal = "ApJS",
     year = "2016",
    month = "jan",
   volume = "222",
    pages = "8",
      doi = "10.3847/0067-0049/222/1/8",
   adsurl = "http://adsabs.harvard.edu/abs/2016ApJS..222....8D"
}

@article{2016ApJ...823..102C,
   author = "{Choi}, J. and {Dotter}, A. and {Conroy}, C. and {Cantiello}, M. and 
	{Paxton}, B. and {Johnson}, B.~D.",
    title = "{Mesa Isochrones and Stellar Tracks (MIST). I. Solar-scaled Models}",
  journal = "ApJ",
     year = "2016",
    month = "jun",
   volume = "823",
    pages = "102",
      doi = "10.3847/0004-637X/823/2/102",
   adsurl = "http://adsabs.harvard.edu/abs/2016ApJ...823..102C"
}

@article{2016MNRAS.461..794P,
   author = "{Pecaut}, M.~J. and {Mamajek}, E.~E.",
    title = "{The star formation history and accretion-disc fraction among the K-type members of the Scorpius-Centaurus OB association}",
  journal = "MNRAS",
     year = "2016",
    month = "sep",
   volume = "461",
    pages = "794-815",
   adsurl = "http://adsabs.harvard.edu/abs/2016MNRAS.461..794P"
}

@article{1989A&A...216...44D,
   author = "{de Geus}, E.~J. and {de Zeeuw}, P.~T. and {Lub}, J.",
    title = "{Physical parameters of stars in the Scorpio-Centaurus OB association}",
  journal = "A\&A",
     year = "1989",
    month = "jun",
   volume = "216",
    pages = "44-61",
   adsurl = "http://adsabs.harvard.edu/abs/1989A%26A...216...44D"
}

@article{2010A&A...520L..10B,
   author = "{Butters}, O.~W. and {West}, R.~G. and {Anderson}, D.~R. and 
	{Collier Cameron}, A. and {Clarkson}, W.~I. and {Enoch}, B. and 
	{Haswell}, C.~A. and {Hellier}, C. and {Horne}, K. and {Joshi}, Y. and 
	{Kane}, S.~R. and {Lister}, T.~A. and {Maxted}, P.~F.~L. and 
	{Parley}, N. and {Pollacco}, D. and {Smalley}, B. and {Street}, R.~A. and 
	{Todd}, I. and {Wheatley}, P.~J. and {Wilson}, D.~M.",
    title = "{The first WASP public data release}",
  journal = "A\&A",
     year = "2010",
    month = "sep",
   volume = "520",
    pages = "L10",
      doi = "10.1051/0004-6361/201015655",
   adsurl = "http://adsabs.harvard.edu/abs/2010A%26A...520L..10B"
}

@article{2012yCat..74163108R,
   author = "{Rizzuto}, A.~C. and {Ireland}, M.~J. and {Robertson}, J.~G.",
    title = "{VizieR Online Data Catalog: Membership of Sco OB2 moving group (Rizzuto+, 2011)}",
  journal = "VizieR Online Data Catalog",
     year = "2012",
    month = "apr",
   volume = "741",
   adsurl = "http://adsabs.harvard.edu/abs/2012yCat..74163108R"
}

@article{2015yCat..74163108R,
   author = "{Rizzuto}, A.~C. and {Ireland}, M.~J. and {Robertson}, J.~G.",
    title = "{Characterizing the Young Sco-Cen Association}",
  journal = "Macquarie University PhD Thesis",
     year = "2015",
    month = "mar"
}

@article{2013A&A...558A..33A,
   author = {{Astropy Collaboration} and {Robitaille}, T.~P. and {Tollerud}, E.~J. and 
	{Greenfield}, P. and {Droettboom}, M. and {Bray}, E. and {Aldcroft}, T. and 
	{Davis}, M. and {Ginsburg}, A. and {Price-Whelan}, A.~M. and 
	{Kerzendorf}, W.~E. and {Conley}, A. and {Crighton}, N. and 
	{Barbary}, K. and {Muna}, D. and {Ferguson}, H. and {Grollier}, F. and 
	{Parikh}, M.~M. and {Nair}, P.~H. and {Unther}, H.~M. and {Deil}, C. and 
	{Woillez}, J. and {Conseil}, S. and {Kramer}, R. and {Turner}, J.~E.~H. and 
	{Singer}, L. and {Fox}, R. and {Weaver}, B.~A. and {Zabalza}, V. and 
	{Edwards}, Z.~I. and {Azalee Bostroem}, K. and {Burke}, D.~J. and 
	{Casey}, A.~R. and {Crawford}, S.~M. and {Dencheva}, N. and 
	{Ely}, J. and {Jenness}, T. and {Labrie}, K. and {Lim}, P.~L. and 
	{Pierfederici}, F. and {Pontzen}, A. and {Ptak}, A. and {Refsdal}, B. and 
	{Servillat}, M. and {Streicher}, O.},
    title = "{Astropy: A community Python package for astronomy}",
  journal = "A\&A",
     year = "2013",
    month = "oct",
   volume = "558",
    pages = "A33",
      doi = "10.1051/0004-6361/201322068",
   adsurl = "http://adsabs.harvard.edu/abs/2013A%26A...558A..33A"
}

@article{2012AJ....143...72M,
   author = "{Mamajek}, E.~E. and {Quillen}, A.~C. and {Pecaut}, M.~J. and 
	{Moolekamp}, F. and {Scott}, E.~L. and {Kenworthy}, M.~A. and 
	{Collier Cameron}, A. and {Parley}, N.~R.",
    title = "{Planetary Construction Zones in Occultation: Discovery of an Extrasolar Ring System Transiting a Young Sun-like Star and Future Prospects for Detecting Eclipses by Circumsecondary and Circumplanetary Disks}",
  journal = "ApJ",
     year = "2012",
    month = "mar",
   volume = "143",
    pages = "72",
      doi = "10.1088/0004-6256/143/3/72",
   adsurl = "http://adsabs.harvard.edu/abs/2012AJ....143...72M"
}

@article{Cameron2016,
   author = "{Cameron}, A.~C.",
    title = "{Extrasolar Planetary Transits. In: Bozza V., Mancini L., Sozzetti A. (eds) Methods of Detecting Exoplanets}",
  journal = "Astrophysics and Space Science Library",
     year = "2016",
   volume = "428. Springer, Cham",
      doi = "10.1007/978-3-319-27458-4_2"
}

@article{2007CSE.....9...90H,
   author = "{Hunter}, J.~D.",
    title = "{Matplotlib: A 2D Graphics Environment}",
  journal = "Computing in Science and Engineering",
     year = "2007",
    month = "may",
   volume = "9",
    pages = "90-95",
      doi = "10.1109/MCSE.2007.55",
   adsurl = "http://adsabs.harvard.edu/abs/2007CSE.....9...90H"
}

@article{2015MNRAS.446..411K,
   author = "{Kenworthy}, M.~A. and {Lacour}, S. and {Kraus}, A. and {Triaud}, A.~H.~M.~J. and 
	{Mamajek}, E.~E. and {Scott}, E.~L. and {S{\'e}gransan}, D. and 
	{Ireland}, M. and {Hambsch}, F.-J. and {Reichart}, D.~E. and 
	{Haislip}, J.~B. and {LaCluyze}, A.~P. and {Moore}, J.~P. and 
	{Frank}, N.~R.",
    title = "{Mass and period limits on the ringed companion transiting the young star J1407}",
  journal = "MNRAS",
     year = "2015",
    month = "jan",
   volume = "446",
    pages = "411-427",
      doi = "10.1093/mnras/stu2067",
   adsurl = "http://adsabs.harvard.edu/abs/2015MNRAS.446..411K"
}

@article{2004ApJ...616.1193B,
   author = "{Barnes}, J.~W. and {Fortney}, J.~J.",
    title = "{Transit Detectability of Ring Systems around Extrasolar Giant Planets}",
  journal = "ApJ",
     year = "2004",
    month = "dec",
   volume = "616",
    pages = "1193-1203",
      doi = "10.1086/425067",
   adsurl = "http://adsabs.harvard.edu/abs/2004ApJ...616.1193B"
}

@article{2009ApJ...690....1O,
   author = "{Ohta}, Y. and {Taruya}, A. and {Suto}, Y.",
    title = "{Predicting Photometric and Spectroscopic Signatures of Rings Around Transiting Extrasolar Planets}",
  journal = "ApJ",
     year = "2009",
    month = "jan",
   volume = "690",
    pages = "1-12",
      doi = "10.1088/0004-637X/690/1/1",
   adsurl = "http://adsabs.harvard.edu/abs/2009ApJ...690....1O"
}

@article{2002AcA....52..397P,
   author = "{Pojmanski}, G.",
    title = "{The All Sky Automated Survey. Catalog of Variable Stars.  I. 0 h - 6 hQuarter of the Southern Hemisphere}",
  journal = "ACTAA",
     year = "2002",
    month = "dec",
   volume = "52",
    pages = "397-427",
   adsurl = "http://adsabs.harvard.edu/abs/2002AcA....52..397P"
}

@article{2008ApJ...687.1264M,
   author = "{Mamajek}, E.~E. and {Hillenbrand}, L.~A.",
    title = "{Improved Age Estimation for Solar-Type Dwarfs Using Activity-Rotation Diagnostics}",
  journal = "ApJ",
     year = "2008",
    month = "nov",
   volume = "687",
    pages = "1264-1293",
      doi = "10.1086/591785",
   adsurl = "http://adsabs.harvard.edu/abs/2008ApJ...687.1264M"
}

@article{2009euro.book...59C,
   author = "{Canup}, R.~M. and {Ward}, W.~R.",
    title = "{Origin of Europa and the Galilean Satellites}",
journal = "Europa, Edited by Robert T.~Pappalardo, William B.~McKinnon, Krishan K.~Khurana ; 
with the assistance of Ren{\'e} Dotson with 85 collaborating authors.~University of Arizona Press, 
Tucson, 2009.~The University of Arizona space science series ISBN: 9780816528448, p.59",
     year = "2009",
    pages = "59",
   adsurl = "http://adsabs.harvard.edu/abs/2009euro.book...59C"
}

@article{2005A&A...434..343A,
   author = "{Alibert}, Y. and {Mordasini}, C. and {Benz}, W. and {Winisdoerffer}, C.",
    title = "{Models of giant planet formation with migration and disc evolution}",
  journal = "A\&A",
     year = "2005",
    month = "apr",
   volume = "434",
    pages = "343-353",
      doi = "10.1051/0004-6361:20042032",
   adsurl = "http://adsabs.harvard.edu/abs/2005A%26A...434..343A"
}

@article{2010AJ....140.1168W,
   author = "{Ward}, W.~R. and {Canup}, R.~M.",
    title = "{Circumplanetary Disk Formation}",
  journal = "ApJ",
     year = "2010",
    month = "nov",
   volume = "140",
    pages = "1168-1193",
      doi = "10.1088/0004-6256/140/5/1168",
   adsurl = "http://adsabs.harvard.edu/abs/2010AJ....140.1168W"
}

@article{2006AJ....131.1163S,
   author = "{Skrutskie}, M.~F. and {Cutri}, R.~M. and {Stiening}, R. and 
	{Weinberg}, M.~D. and {Schneider}, S. and {Carpenter}, J.~M. and 
	{Beichman}, C. and {Capps}, R. and {Chester}, T. and {Elias}, J. and 
	{Huchra}, J. and {Liebert}, J. and {Lonsdale}, C. and {Monet}, D.~G. and 
	{Price}, S. and {Seitzer}, P. and {Jarrett}, T. and {Kirkpatrick}, J.~D. and 
	{Gizis}, J.~E. and {Howard}, E. and {Evans}, T. and {Fowler}, J. and 
	{Fullmer}, L. and {Hurt}, R. and {Light}, R. and {Kopan}, E.~L. and 
	{Marsh}, K.~A. and {McCallon}, H.~L. and {Tam}, R. and {Van Dyk}, S. and 
	{Wheelock}, S.",
    title = "{The Two Micron All Sky Survey (2MASS)}",
  journal = "ApJ",
     year = "2006",
    month = "feb",
   volume = "131",
    pages = "1163-1183",
      doi = "10.1086/498708",
   adsurl = "http://adsabs.harvard.edu/abs/2006AJ....131.1163S"
}

@article{2010AJ....140.1868W,
   author = "{Wright}, E.~L. and {Eisenhardt}, P.~R.~M. and {Mainzer}, A.~K. and 
	{Ressler}, M.~E. and {Cutri}, R.~M. and {Jarrett}, T. and {Kirkpatrick}, J.~D. and 
	{Padgett}, D. and {McMillan}, R.~S. and {Skrutskie}, M. and 
	{Stanford}, S.~A. and {Cohen}, M. and {Walker}, R.~G. and {Mather}, J.~C. and 
	{Leisawitz}, D. and {Gautier}, III, T.~N. and {McLean}, I. and 
	{Benford}, D. and {Lonsdale}, C.~J. and {Blain}, A. and {Mendez}, B. and 
	{Irace}, W.~R. and {Duval}, V. and {Liu}, F. and {Royer}, D. and 
	{Heinrichsen}, I. and {Howard}, J. and {Shannon}, M. and {Kendall}, M. and 
	{Walsh}, A.~L. and {Larsen}, M. and {Cardon}, J.~G. and {Schick}, S. and 
	{Schwalm}, M. and {Abid}, M. and {Fabinsky}, B. and {Naes}, L. and 
	{Tsai}, C.-W.",
    title = "{The Wide-field Infrared Survey Explorer (WISE): Mission Description and Initial On-orbit Performance}",
  journal = "ApJ",
     year = "2010",
    month = "dec",
   volume = "140",
    pages = "1868-1881",
      doi = "10.1088/0004-6256/140/6/1868",
   adsurl = "http://adsabs.harvard.edu/abs/2010AJ....140.1868W"
}

@article{2002ASPC..279..121G,
   author = "{Guinan}, E.~F. and {Dewarf}, L.~E.",
    title = "{Toward Solving the Mysteries of the Exotic Eclipsing Binary {$\epsilon$} Aurigae: Two Thousand years of Observations and Future Possibilities}",
  journal = "Exotic Stars as Challenges to Evolution",
     year = "2002",
   series = "Astronomical Society of the Pacific Conference Series",
   volume = "279",
    pages = "121",
   adsurl = "http://adsabs.harvard.edu/abs/2002ASPC..279..121G"
}

@article{2010Natur.464..870K,
   author = "{Kloppenborg}, B. and {Stencel}, R. and {Monnier}, J.~D. and 
	{Schaefer}, G. and {Zhao}, M. and {Baron}, F. and {McAlister}, H. and 
	{ten Brummelaar}, T. and {Che}, X. and {Farrington}, C. and 
	{Pedretti}, E. and {Sallave-Goldfinger}, P.~J. and {Sturmann}, J. and 
	{Sturmann}, L. and {Thureau}, N. and {Turner}, N. and {Carroll}, S.~M.",
    title = "{Infrared images of the transiting disk in the {$\epsilon$} Aurigae system}",
  journal = "Nature",
     year = "2010",
    month = "apr",
   volume = "464",
    pages = "870-872",
      doi = "10.1038/nature08968",
   adsurl = "http://adsabs.harvard.edu/abs/2010Natur.464..870K"
}

@article{2011A&A...530A.146C,
   author = "{Chadima}, P. and {Harmanec}, P. and {Bennett}, P.~D. and {Kloppenborg}, B. and 
	{Stencel}, R. and {Yang}, S. and {Bo{\v z}i{\'c}}, H. and {{\v S}lechta}, M. and 
	{Kotkov{\'a}}, L. and {Wolf}, M. and {{\v S}koda}, P. and {Votruba}, V. and 
	{Hopkins}, J.~L. and {Buil}, C. and {Sudar}, D.",
    title = "{Spectral and photometric analysis of the eclipsing binary {$\epsilon$} Aurigae prior to and during the 2009-2011 eclipse}",
  journal = "A\&A",
     year = "2011",
    month = "jun",
   volume = "530",
    pages = "A146",
      doi = "10.1051/0004-6361/201116739",
   adsurl = "http://adsabs.harvard.edu/abs/2011A%26A...530A.146C"
}

@article{2006ApJ...644..510W,
   author = "{Winn}, J.~N. and {Hamilton}, C.~M. and {Herbst}, W.~J. and 
	{Hoffman}, J.~L. and {Holman}, M.~J. and {Johnson}, J.~A. and 
	{Kuchner}, M.~J.",
    title = "{The Orbit and Occultations of KH 15D}",
  journal = "ApJ",
     year = "2006",
    month = "jun",
   volume = "644",
    pages = "510-524",
      doi = "10.1086/503417",
   adsurl = "http://adsabs.harvard.edu/abs/2006ApJ...644..510W"
}

@article{Mikolajewski1999,
   author = "{Mikolajewski}, M. and {Graczyk}, D.",
   title  = "{Is the eclipsing variable EE Cep a cousin of {$\epsilon$} Aur?}",
  journal = "MNRAS",
   volume = "303",
   number = "3",
    pages = "521-524",
     year = "1999",
      doi = "10.1046/j.1365-8711.1999.02257.x",
   adsurl = "http://dx.doi.org/10.1046/j.1365-8711.1999.02257.x"
}

@article{2010ASPC..435..423G,
   author = "{Ga{\l}an}, C. and {Miko{\l}ajewski}, M. and {Tomov}, T. and 
	{{\'S}wiercy{\'n}ski}, E. and {Wicecek}, M. and {Bro{\.z}ek}, T. and 
	{Maciejewski}, G. and {Wychudzki}, P. and {Hajduk}, M. and {R{\'o}{\.z}a{\'n}ski}, P. and 
	{Ragan}, E. and {Budzisz}, B. and {Dobierski}, P. and {Frackowiak}, S. and 
	{Kurpi{\'n}ska-Winiarska}, M. and {Winiarski}, M. and {Zo{\l}a}, S. and 
	{Og{\l}oza}, W. and {Ku{\'z}micz}, A. and {Dr{\'o}{\.z}d{\.z}}, M. and 
	{Kuligowska}, E. and {Krzesi{\'n}ski}, J. and {Szyma{\'n}ski}, T. and 
	{Siwak}, M. and {Kundera}, T. and {Staels}, B. and {Hopkins}, J. and 
	{Pye}, J. and {Elder}, L. and {Myers}, G. and {Dimitrov}, D. and 
	{Popov}, V. and {Semkov}, E. and {Peneva}, S. and {Kolev}, D. and 
	{Iliev}, I. and {Barzova}, I. and {Stateva}, I. and {Tomov}, N. and 
	{Dvorak}, S. and {Miller}, I. and {Br{\'a}t}, L. and {Niarchos}, P. and 
	{Liakos}, A. and {Gazeas}, K. and {Pigulski}, A. and {Kopacki}, G. and 
	{Narwid}, A. and {Majewska}, A. and {Ste{\'s}licki}, M. and 
	{Niemczura}, E. and {{\"O}{\u g}men}, Y. and {Oksanen}, A. and 
	{Ku{\v c}{\'a}kov{\'a}}, H. and {Lister}, T. and {Heras}, T. and 
	{Dapergolas}, A. and {Bellas-Velidis}, I. and {Koci{\'a}n}, R. and 
	{Majcher}, A.",
    title = "{Multi-Ring Structure of the Eclipsing Disk in EE Cep - Possible Planets?}",
     year = "2010",
  journal = "ASPCS",
   volume = "435",
    month = "dec",
    pages = "423",
   adsurl = "http://adsabs.harvard.edu/abs/2010ASPC..435..423G"
}

@article{2003A&A...403.1089G,
   author = "{Graczyk}, D. and {Miko{\l}ajewski}, M. and {Tomov}, T. and {Kolev}, D. and {Iliev}, I.",
    title = "{The 2003 eclipse of EE Cep is coming. A review of past eclipses}",
  journal = "AAP",
     year = "2003",
    month = "jun",
   volume = "403",
    pages = "1089-1094",
      doi = "10.1051/0004-6361:20030430",
   adsurl = "http://adsabs.harvard.edu/abs/2003A%26A...403.1089G"
}

@article{2006PASP..118.1407P,
   author = "{Pollacco}, D.~L. and {Skillen}, I. and {Collier Cameron}, A. and 
	{Christian}, D.~J. and {Hellier}, C. and {Irwin}, J. and {Lister}, T.~A. and 
	{Street}, R.~A. and {West}, R.~G. and {Anderson}, D.~R. and 
	{Clarkson}, W.~I. and {Deeg}, H. and {Enoch}, B. and {Evans}, A. and 
	{Fitzsimmons}, A. and {Haswell}, C.~A. and {Hodgkin}, S. and 
	{Horne}, K. and {Kane}, S.~R. and {Keenan}, F.~P. and {Maxted}, P.~F.~L. and 
	{Norton}, A.~J. and {Osborne}, J. and {Parley}, N.~R. and {Ryans}, R.~S.~I. and 
	{Smalley}, B. and {Wheatley}, P.~J. and {Wilson}, D.~M.",
    title = "{The WASP Project and the SuperWASP Cameras}",
  journal = "PASP",
     year = "2006",
    month = "oct",
   volume = "118",
    pages = "1407-1418",
      doi = "10.1086/508556",
   adsurl = "http://adsabs.harvard.edu/abs/2006PASP..118.1407P"
}

@article{2012Sci...338.1196C,
   author = "{Crida}, A. and {Charnoz}, S.",
    title = "{Formation of Regular Satellites from Ancient Massive Rings in the Solar System}",
  journal = "Science",
     year = "2012",
    month = "nov",
   volume = "338",
    pages = "1196",
      doi = "10.1126/science.1226477",
   adsurl = "http://adsabs.harvard.edu/abs/2012Sci...338.1196C"
}

@ARTICLE{2018arXiv180409365G,
   author = "{Gaia Collaboration} and {Brown}, A.~G.~A. and {Vallenari}, A. and 
	{Prusti}, T. and {de Bruijne}, J.~H.~J. and {Babusiaux}, C. and 
	{Bailer-Jones}, C.~A.~L.",
    title = "{Gaia Data Release 2. Summary of the contents and survey properties}",
  journal = "ArXiv e-prints",
     year = "2018",
    month = "apr",
   adsurl = "http://adsabs.harvard.edu/abs/2018arXiv180409365G"
}

@article{2003ASPC..294..405S,
   author = "{Street}, R.~A. and {Pollaco}, D.~L. and {Fitzsimmons}, A. and 
	{Keenan}, F.~P. and {Horne}, K. and {Kane}, S. and {Collier Cameron}, A. and 
	{Lister}, T.~A. and {Haswell}, C. and {Norton}, A.~J. and {Jones}, B.~W. and 
	{Skillen}, I. and {Hodgkin}, S. and {Wheatley}, P. and {West}, R. and 
	{Brett}, D.",
    title = "{SuperWASP: Wide Angle Search for Planets}",
  journal = "Scientific Frontiers in Research on Extrasolar Planets",
     year = "2003",
   series = "Astronomical Society of the Pacific Conference Series",
   volume = "294",
    pages = "405-408",
   adsurl = "http://adsabs.harvard.edu/abs/2003ASPC..294..405S"
}

@artcile{2008ApJ...675L.113W,
   author = "{Wilson}, D.~M. and {Gillon}, M. and {Hellier}, C. and {Maxted}, P.~F.~L. and 
	{Pepe}, F. and {Queloz}, D. and {Anderson}, D.~R. and {Collier Cameron}, A. and 
	{Smalley}, B. and {Lister}, T.~A. and {Bentley}, S.~J. and {Blecha}, A. and 
	{Christian}, D.~J. and {Enoch}, B. and {Haswell}, C.~A. and 
	{Hebb}, L. and {Horne}, K. and {Irwin}, J. and {Joshi}, Y.~C. and 
	{Kane}, S.~R. and {Marmier}, M. and {Mayor}, M. and {Parley}, N. and 
	{Pollacco}, D. and {Pont}, F. and {Ryans}, R. and {Segransan}, D. and 
	{Skillen}, I. and {Street}, R.~A. and {Udry}, S. and {West}, R.~G. and 
	{Wheatley}, P.~J.",
    title = "{WASP-4b: A 12th Magnitude Transiting Hot Jupiter in the Southern Hemisphere}",
  journal = "ApJL",
     year = "2008",
    month = "mar",
   volume = "675",
    pages = "L113",
      doi = "10.1086/586735",
   adsurl = "http://adsabs.harvard.edu/abs/2008ApJ...675L.113W"
}

@article{2007A&A...467..785N,
   author = "{Norton}, A.~J. and {Wheatley}, P.~J. and {West}, R.~G. and 
	{Haswell}, C.~A. and {Street}, R.~A. and {Collier Cameron}, A. and 
	{Christian}, D.~J. and {Clarkson}, W.~I. and {Enoch}, B. and 
	{Gallaway}, M. and {Hellier}, C. and {Horne}, K. and {Irwin}, J. and 
	{Kane}, S.~R. and {Lister}, T.~A. and {Nicholas}, J.~P. and 
	{Parley}, N. and {Pollacco}, D. and {Ryans}, R. and {Skillen}, I. and 
	{Wilson}, D.~M.",
    title = "{New periodic variable stars coincident with ROSAT sources discovered using SuperWASP}",
  journal = "A\&A",
     year = "2007",
    month = "may",
   volume = "467",
    pages = "785-905",
      doi = "10.1051/0004-6361:20077084",
   adsurl = "http://adsabs.harvard.edu/abs/2007A%26A...467..785N"
}

@article{2007MNRAS.380.1230C,
   author = "{Collier Cameron}, A. and {Wilson}, D.~M. and {West}, R.~G. and 
	{Hebb}, L. and {Wang}, X.-B. and {Aigrain}, S. and {Bouchy}, F. and 
	{Christian}, D.~J. and {Clarkson}, W.~I. and {Enoch}, B. and 
	{Esposito}, M. and {Guenther}, E. and {Haswell}, C.~A. and {H{\'e}brard}, G. and 
	{Hellier}, C. and {Horne}, K. and {Irwin}, J. and {Kane}, S.~R. and 
	{Loeillet}, B. and {Lister}, T.~A. and {Maxted}, P. and {Mayor}, M. and 
	{Moutou}, C. and {Parley}, N. and {Pollacco}, D. and {Pont}, F. and 
	{Queloz}, D. and {Ryans}, R. and {Skillen}, I. and {Street}, R.~A. and 
	{Udry}, S. and {Wheatley}, P.~J.",
    title = "{Efficient identification of exoplanetary transit candidates from SuperWASP light curves}",
  journal = "MNRAS",
     year = "2007",
    month = "sep",
   volume = "380",
    pages = "1230-1244",
      doi = "10.1111/j.1365-2966.2007.12195.x",
   adsurl = "http://adsabs.harvard.edu/abs/2007MNRAS.380.1230C"
}

@article{2005MNRAS.364.1091K,
   author = "{Kane}, S.~R. and {Collier Cameron}, A. and {Horne}, K. and 
	{James}, D. and {Lister}, T.~A. and {Pollacco}, D.~L. and {Street}, R.~A. and 
	{Tsapras}, Y.",
    title = "{Results from the Wide Angle Search for Planets Prototype (WASP0) - III. Planet hunting in the Draco field}",
  journal = "MNRAS",
     year = "2005",
    month = "dec",
   volume = "364",
    pages = "1091-1103",
      doi = "10.1111/j.1365-2966.2005.09656.x",
   adsurl = "http://adsabs.harvard.edu/abs/2005MNRAS.364.1091K"
}

@article{1995gcts.book.....V,
   author = "{van Altena}, W.~F. and {Lee}, J.~T. and {Hoffleit}, E.~D.",
    title = "{The general catalogue of trigonometric [stellar] parallaxes}",
booktitle = "New Haven, CT: Yale University Observatory, |c1995, 4th ed., completely revised and enlarged",
     year = "1995",
   adsurl = "http://adsabs.harvard.edu/abs/1995gcts.book.....V"
}

@article{1993BICDS..43....5T,
   author = "{Turon}, C. and {Creze}, M. and {Egret}, D. and {Gomez}, A. and 
	{Grenon}, M. and {JahreiB}, H. and {Requieme}, Y. and {Argue}, A.~N. and 
	{Bec-Borsenberger}, A. and {Dommanget}, J. and {Mennessier}, M.~O. and 
	{Arenou}, F. and {Chareton}, M. and {Crifo}, F. and {Mermilliod}, J.~C. and 
	{Morin}, D. and {Nicolet}, B. and {Nys}, O. and {Prevot}, L. and 
	{Rousseau}, M. and {Perryman}, M.~A.~C. and {Arlot}, J.~E. and 
	{Baglin}, A. and {Barthes}, D. and {Baylac}, M.~O. and {Brosche}, P. and 
	{Burnet}, M. and {Delhaye}, J. and {Dettbarn}, C. and {Erbach}, M. and 
	{Figueras}, F. and {Fricke}, W. and {Helmer}, L. and {Hemenway}, P. and 
	{Jordi}, C. and {Lampens}, P. and {Lederle}, T. and {Lub}, J. and 
	{Manfroid}, J. and {Mattci}, J.~A. and {Mazurier}, J.~M. and 
	{Mermilliod}, M. and {Morrison}, L.~V. and {Murray}, C.~A. and 
	{Oblak}, E. and {Perie}, J.~P. and {Pernier}, B. and {Le Poole}, R.~S. and 
	{Quijano}, L. and {Rapaport}, M. and {Sellier}, A. and {Torra}, J. and 
	{Tucholke}, H.~J. and {de Vegt}, C. and {Argyle}, R.~W. and 
	{Bacchus}, P. and {Baron}, N. and {Calaf}, J. and {Cordoni}, J.~P. and 
	{Fabricius}, C. and {Feaugas}, J.~C. and {Fehlberg}, H.~J. and 
	{Florkowski}, D.~R. and {de Geus}, E. and {Gibbs}, P. and {Hartman}, L. and 
	{Jauncey}, D.~L. and {Johnston}, K.~J. and {Marouard}, M. and 
	{Mekkas}, A. and {Muinos}, J.~L. and {Nunez}, J. and {Ochsenbein}, F. and 
	{de Orus}, J.~J. and {Paredes}, J.~M. and {Penston}, M.~J. and 
	{Petersen}, C. and {Peyrin}, Y. and {Robin}, A. and {Roman}, V. and 
	{Rossello}, G. and {Schwan}, H. and {Sinachopoulos}, D. and 
	{White}, G.~L. and {Zacharias}, N. and {Hog}, E. and {Kovalevsky}, J. and 
	{van Leeuwen}, F. and {Lindegren}, L. and {Schutz}, A. and {Schrijver}, H.",
    title = "{Version 2 of the HIPPARCOS Input Catalogue}",
  journal = "Bulletin d'Information du Centre de Donnees Stellaires",
     year = "1993",
    month = "jul",
   volume = "43",
   adsurl = "http://adsabs.harvard.edu/abs/1993BICDS..43....5T"
}

@article{2016ARA&A..54..529B,
   author = "{Bland-Hawthorn}, J. and {Gerhard}, O.",
    title = "{The Galaxy in Context: Structural, Kinematic, and Integrated Properties}",
  journal = "ARA\&A",
     year = "2016",
    month = "sep",
   volume = "54",
    pages = "529-596",
      doi = "10.1146/annurev-astro-081915-023441",
   adsurl = "http://adsabs.harvard.edu/abs/2016ARA%26A..54..529B"
}

@article{2016A&A...595A...4L,
   author = "{Lindegren}, L. and {Lammers}, U. and {Bastian}, U. and {Hern{\'a}ndez}, J. and 
	{Klioner}, S. and {Hobbs}, D. and {Bombrun}, A. and {Michalik}, D. and 
	{Ramos-Lerate}, M. and {Butkevich}, A. and {Comoretto}, G. and 
	{Joliet}, E. and {Holl}, B. and {Hutton}, A. and {Parsons}, P. and 
	{Steidelm{\"u}ller}, H. and {Abbas}, U. and {Altmann}, M. and 
	{Andrei}, A. and {Anton}, S. and {Bach}, N. and {Barache}, C. and 
	{Becciani}, U. and {Berthier}, J. and {Bianchi}, L. and {Biermann}, M. and 
	{Bouquillon}, S. and {Bourda}, G. and {Br{\"u}semeister}, T. and 
	{Bucciarelli}, B. and {Busonero}, D. and {Carlucci}, T. and 
	{Casta{\~n}eda}, J. and {Charlot}, P. and {Clotet}, M. and {Crosta}, M. and 
	{Davidson}, M. and {de Felice}, F. and {Drimmel}, R. and {Fabricius}, C. and 
	{Fienga}, A. and {Figueras}, F. and {Fraile}, E. and {Gai}, M. and 
	{Garralda}, N. and {Geyer}, R. and {Gonz{\'a}lez-Vidal}, J.~J. and 
	{Guerra}, R. and {Hambly}, N.~C. and {Hauser}, M. and {Jordan}, S. and 
	{Lattanzi}, M.~G. and {Lenhardt}, H. and {Liao}, S. and {L{\"o}ffler}, W. and 
	{McMillan}, P.~J. and {Mignard}, F. and {Mora}, A. and {Morbidelli}, R. and 
	{Portell}, J. and {Riva}, A. and {Sarasso}, M. and {Serraller}, I. and 
	{Siddiqui}, H. and {Smart}, R. and {Spagna}, A. and {Stampa}, U. and 
	{Steele}, I. and {Taris}, F. and {Torra}, J. and {van Reeven}, W. and 
	{Vecchiato}, A. and {Zschocke}, S. and {de Bruijne}, J. and 
	{Gracia}, G. and {Raison}, F. and {Lister}, T. and {Marchant}, J. and 
	{Messineo}, R. and {Soffel}, M. and {Osorio}, J. and {de Torres}, A. and 
	{O'Mullane}, W.",
    title = "{Gaia Data Release 1. Astrometry: one billion positions, two million proper motions and parallaxes}",
  journal = "A\&A",
     year = "2016",
    month = "nov",
   volume = "595",
    pages = "A4",
      doi = "10.1051/0004-6361/201628714",
   adsurl = "http://adsabs.harvard.edu/abs/2016A%26A...595A...4L"
}

@article{2017A&A...599A..32V,
       author = "{van Leeuwen}, F. and {Evans}, D.~W. and {De Angeli}, F. and {Jordi}, C.
        and {Busso}, G. and {Cacciari}, C. and {Riello}, M. and
        {Pancino}, E. and {Altavilla}, G. and {Brown}, A.~G.~A. and
        {Burgess}, P. and {Carrasco}, J.~M. and {Cocozza}, G. and
        {Cowell}, S. and {Davidson}, M. and {De Luise}, F. and
        {Fabricius}, C. and {Galleti}, S. and {Gilmore}, G. and
        {Giuffrida}, G. and {Hambly}, N.~C. and {Harrison}, D.~L. and
        {Hodgkin}, S.~T. and {Holland}, G. and {MacDonald}, I. and
        {Marinoni}, S. and {Montegriffo}, P. and {Osborne}, P. and
        {Ragaini}, S. and {Richards}, P.~J. and {Rowell}, N. and {Voss},
        H. and {Walton}, N.~A. and {Weiler}, M. and {Castellani}, M. and
        {Delgado}, A. and {H{\o}g}, E. and {van Leeuwen}, M. and
        {Millar}, N.~R. and {Pagani}, C. and {Piersimoni}, A.~M. and
        {Pulone}, L. and {Rixon}, G. and {Suess}, F.~F. and
        {Wyrzykowski}, {\L}. and {Yoldas}, A. and {Alecu}, A. and
        {Allan}, P.~M. and {Balaguer-N{\'u}{\~n}ez}, L. and {Barstow},
        M.~A. and {Bellazzini}, M. and {Belokurov}, V. and
        {Blagorodnova}, N. and {Bonfigli}, M. and {Bragaglia}, A. and
        {Brown}, S. and {Bunclark}, P. and {Buonanno}, R. and {Burgon},
        R. and {Campbell}, H. and {Collins}, R.~S. and {Cross}, N.~J.~G.
        and {Ducourant}, C. and {van Elteren}, A. and {Evans}, N.~W. and
        {Federici}, L. and {Fern{\'a}ndez-Hern{\'a}ndez}, J. and
        {Figueras}, F. and {Fraser}, M. and {Fyfe}, D. and {Gebran}, M.
        and {Heyrovsky}, A. and {Holl}, B. and {Holland}, A.~D. and
        {Iannicola}, G. and {Irwin}, M. and {Koposov}, S.~E. and {Krone-
        Martins}, A. and {Mann}, R.~G. and {Marrese}, P.~M. and
        {Masana}, E. and {Munari}, U. and {Ortiz}, P. and {Ouzounis}, A.
        and {Peltzer}, C. and {Portell}, J. and {Read}, A. and
        {Terrett}, D. and {Torra}, J. and {Trager}, S.~C. and {Troisi},
        L. and {Valentini}, G. and {Vallenari}, A. and {Wevers}, T.",
        title = "{Gaia Data Release 1. The photometric data}",
      journal = "A\&A",
         year = "2017",
        month = "Mar",
       volume = "599",
        pages = "A32",
          doi = "10.1051/0004-6361/201630064",
       adsurl = "https://ui.adsabs.harvard.edu/#abs/2017A&A...599A..32V"
}


@article{2016A&A...595A...7C,
   author = "{Carrasco}, J.~M. and {Evans}, D.~W. and {Montegriffo}, P. and 
	{Jordi}, C. and {van Leeuwen}, F. and {Riello}, M. and {Voss}, H. and 
	{De Angeli}, F. and {Busso}, G. and {Fabricius}, C. and {Cacciari}, C. and 
	{Weiler}, M. and {Pancino}, E. and {Brown}, A.~G.~A. and {Holland}, G. and 
	{Burgess}, P. and {Osborne}, P. and {Altavilla}, G. and {Gebran}, M. and 
	{Ragaini}, S. and {Galleti}, S. and {Cocozza}, G. and {Marinoni}, S. and 
	{Bellazzini}, M. and {Bragaglia}, A. and {Federici}, L. and 
	{Balaguer-N{\'u}{\~n}ez}, L.",
    title = "{Gaia Data Release 1. Principles of the photometric calibration of the G band}",
  journal = "A\&A",
     year = "2016",
    month = "nov",
   volume = "595",
    pages = "A7",
      doi = "10.1051/0004-6361/201629235",
   adsurl = "http://adsabs.harvard.edu/abs/2016A%26A...595A...7C"
}

@article{2010A&A...523A..48J,
   author = "{Jordi}, C. and {Gebran}, M. and {Carrasco}, J.~M. and {de Bruijne}, J. and 
	{Voss}, H. and {Fabricius}, C. and {Knude}, J. and {Vallenari}, A. and 
	{Kohley}, R. and {Mora}, A.",
    title = "{Gaia broad band photometry}",
  journal = "A\&A",
     year = "2010",
    month = "nov",
   volume = "523",
    pages = "A48",
      doi = "10.1051/0004-6361/201015441",
   adsurl = "http://adsabs.harvard.edu/abs/2010A%26A...523A..48J"
}

@article{2010EAS....45..181C,
       author = "{Cropper}, M. and {Katz}, D.",
        title = "{The Gaia spectroscopic instrument (RVS): a technical challenge}",
    booktitle = "EAS Publications Series",
         year = "2010",
       volume = "45",
        month = "Jan",
        pages = "181-188",
          doi = "10.1051/eas/1045031",
       adsurl = "https://ui.adsabs.harvard.edu/#abs/2010EAS....45..181C"
}

@article{2017arXiv170203295E,
   author = "{Eyer}, L. and {Mowlavi}, N. and {Evans}, D.~W. and {Nienartowicz}, K. and 
	{Ordonez}, D. and {Holl}, B. and {Lecoeur-Taibi}, I. and {Riello}, M. and 
	{Clementini}, G. and {Cuypers}, J. and {De Ridder}, J. and {Lanzafame}, A.~C. and 
	{Sarro}, L.~M. and {Charnas}, J. and {Guy}, L.~P. and {Jevardat de Fombelle}, G. and 
	{Rimoldini}, L. and {S{\"u}veges}, M. and {Mignard}, F. and 
	{Busso}, G. and {De Angeli}, F. and {van Leeuwen}, F. and {Dubath}, P. and 
	{Beck}, M. and {Aguado}, J.~J. and {Debosscher}, J. and {Distefano}, E. and 
	{Fuchs}, J. and {Koubsky}, P. and {Lebzelter}, T. and {Leccia}, S. and 
	{Lopez}, M. and {Moitinho}, A. and {Regibo}, S. and {Ripepi}, V. and 
	{Roelens}, M. and {Szabados}, L. and {Tingley}, B. and {Votruba}, V. and 
	{Zucker}, S. and {Aerts}, C. and {Barblan}, F. and {Blanco-Cuaresma}, S. and 
	{Grenon}, M. and {Jan}, A. and {Lorenz}, D. and {Miranda}, B. and 
	{Morgenthaler}, S. and {Ordenovic}, C. and {Palaversa}, L. and 
	{Prsa}, A. and {Ruiz-Fuertes}, M.~I. and {Anderson}, R.~I. and 
	{Delgado}, H.~E. and {Dzigan}, Y. and {Hudec}, R. and {Jonckheere}, A. and 
	{Klagyivik}, P. and {Kutka}, A. and {Moniez}, M. and {Nicoletti}, J.-M. and 
	{Park}, P. and {Van Hemelryck}, E. and {Varadi}, M. and {Kochoska}, A. and 
	{Lanza}, A.~F. and {Marconi}, M. and {Marschalko}, G. and {Messina}, S. and 
	{Musella}, I. and {Pagano}, I. and {Sadowski}, G. and {Schultheis}, M.",
    title = "{Gaia Data Release 1: The variability processing \& analysis and its application to the south ecliptic pole region}",
  journal = {ArXiv e-prints},
     year = "2017",
    month = "feb",
   adsurl = "http://adsabs.harvard.edu/abs/2017arXiv170203295E"
}

@article{2017A&A...599A..50A,
       author = "{Arenou}, F. and {Luri}, X. and {Babusiaux}, C. and {Fabricius}, C. and
        {Helmi}, A. and {Robin}, A.~C. and {Vallenari}, A. and {Blanco-
        Cuaresma}, S. and {Cantat-Gaudin}, T. and {Findeisen}, K. and
        {Reyl{\'e}}, C. and {Ruiz-Dern}, L. and {Sordo}, R. and {Turon},
        C. and {Walton}, N.~A. and {Shih}, I. -C. and {Antiche}, E. and
        {Barache}, C. and {Barros}, M. and {Breddels}, M. and
        {Carrasco}, J.~M. and {Costigan}, G. and {Diakit{\'e}}, S. and
        {Eyer}, L. and {Figueras}, F. and {Galluccio}, L. and {Heu}, J.
        and {Jordi}, C. and {Krone-Martins}, A. and {Lallement}, R. and
        {Lambert}, S. and {Leclerc}, N. and {Marrese}, P.~M. and
        {Moitinho}, A. and {Mor}, R. and {Romero-G{\'o}mez}, M. and
        {Sartoretti}, P. and {Soria}, S. and {Soubiran}, C. and
        {Souchay}, J. and {Veljanoski}, J. and {Ziaeepour}, H. and
        {Giuffrida}, G. and {Pancino}, E. and {Bragaglia}, A.",
        title = "{Gaia Data Release 1. Catalogue validation}",
      journal = "A\&A",
         year = "2017",
        month = "Mar",
       volume = "599",
        pages = "A50",
          doi = "10.1051/0004-6361/201629895",
       adsurl = "https://ui.adsabs.harvard.edu/#abs/2017A&A...599A..50A"
}

@article{2017A&A...600A..51E,
   author = "{Evans}, D.~W. and {Riello}, M. and {De Angeli}, F. and {Busso}, G. and 
	{van Leeuwen}, F. and {Jordi}, C. and {Fabricius}, C. and {Brown}, A.~G.~A. and 
	{Carrasco}, J.~M. and {Voss}, H. and {Weiler}, M. and {Montegriffo}, P. and 
	{Cacciari}, C. and {Burgess}, P. and {Osborne}, P.",
    title = "{Gaia Data Release 1. Validation of the photometry}",
  journal = "A\&A",
     year = "2017",
    month = "apr",
   volume = "600",
    pages = "A51",
      doi = "10.1051/0004-6361/201629241",
   adsurl = "http://adsabs.harvard.edu/abs/2017A%26A...600A..51E"
}

@article{2018arXiv180409366L,
   author = "{Lindegren}, L. and {Hernandez}, J. and {Bombrun}, A. and {Klioner}, S. and 
	{Bastian}, U. and {Ramos-Lerate}, M. and {de Torres}, A. and 
	{Steidelmuller}, H. and {Stephenson}, C. and {Hobbs}, D. and 
	{Lammers}, U. and {Biermann}, M. and {Geyer}, R. and {Hilger}, T. and 
	{Michalik}, D. and {Stampa}, U. and {McMillan}, P.~J. and {Castaneda}, J. and 
	{Clotet}, M. and {Comoretto}, G. and {Davidson}, M. and {Fabricius}, C. and 
	{Gracia}, G. and {Hambly}, N.~C. and {Hutton}, A. and {Mora}, A. and 
	{Portell}, J. and {van Leeuwen}, F. and {Abbas}, U. and {Abreu}, A. and 
	{Altmann}, M. and {Andrei}, A. and {Anglada}, E. and {Balaguer-Nunez}, L. and 
	{Barache}, C. and {Becciani}, U. and {Bertone}, S. and {Bianchi}, L. and 
	{Bouquillon}, S. and {Bourda}, G. and {Brusemeister}, T. and 
	{Bucciarelli}, B. and {Busonero}, D. and {Buzzi}, R. and {Cancelliere}, R. and 
	{Carlucci}, T. and {Charlot}, P. and {Cheek}, N. and {Crosta}, M. and 
	{Crowley}, C. and {de Bruijne}, J. and {de Felice}, F. and {Drimmel}, R. and 
	{Esquej}, P. and {Fienga}, A. and {Fraile}, E. and {Gai}, M. and 
	{Garralda}, N. and {Gonzalez-Vidal}, J.~J. and {Guerra}, R. and 
	{Hauser}, M. and {Hofmann}, W. and {Holl}, B. and {Jordan}, S. and 
	{Lattanzi}, M.~G. and {Lenhardt}, H. and {Liao}, S. and {Licata}, E. and 
	{Lister}, T. and {Loffler}, W. and {Marchant}, J. and {Martin-Fleitas}, J.-M. and 
	{Messineo}, R. and {Mignard}, F. and {Morbidelli}, R. and {Poggio}, E. and 
	{Riva}, A. and {Rowell}, N. and {Salguero}, E. and {Sarasso}, M. and 
	{Sciacca}, E. and {Siddiqui}, H. and {Smart}, R.~L. and {Spagna}, A. and 
	{Steele}, I. and {Taris}, F. and {Torra}, J. and {van Elteren}, A. and 
	{van Reeven}, W. and {Vecchiato}, A.",
    title = "{Gaia Data Release 2: The astrometric solution}",
  journal = "ArXiv e-prints",
     year = "2018",
    month = "apr",
   adsurl = "http://adsabs.harvard.edu/abs/2018arXiv180409366L"
}

@aticle{vanLeeuwen17,
   author = "{Gaia Collaboration} and {van Leeuwen}, F. and {Vallenari}, A. and 
	{Jordi}, C. and {Lindegren}, L. and {Bastian}, U. and {Prusti}, T. and 
	{de Bruijne}, J.~H.~J. and {Brown}, A.~G.~A. and {Babusiaux}, C. and et al.",
    title = "{Gaia Data Release 1. Open cluster astrometry: performance, limitations, and future prospects}",
  journal = "A\&A",
     year = "2017",
    month = "may",
   volume = "601",
    pages = "A19",
      doi = "10.1051/0004-6361/201730552",
   adsurl = "http://adsabs.harvard.edu/abs/2017A%26A...601A..19G"
}

@article{Zari17,
       author = "{Zari}, E. and {Brown}, A.~G.~A. and {de Bruijne}, J. and {Manara},
        C.~F. and {de Zeeuw}, P.~T.",
        title = "{Mapping young stellar populations toward Orion with Gaia DR1}",
      journal = "A\&A",
         year = "2017",
        month = "Dec",
       volume = "608",
        pages = "A148",
          doi = "10.1051/0004-6361/201731309",
       adsurl = "https://ui.adsabs.harvard.edu/#abs/2017A&A...608A.148Z"
}

@article{Blaauw46,
       author = "{Blaauw}, A.",
        title = "{A Study of the Scorpio-Centaurus Cluster}",
      journal = "Publications of the Kapteyn Astronomical Laboratory Groningen",
         year = "1946",
        month = "Jan",
       volume = "52",
        pages = "1-132",
       adsurl = "https://ui.adsabs.harvard.edu/#abs/1946PGro...52....1B"
}

@article{Skrutskie06,
       author = "{Skrutskie}, M.~F. and {Cutri}, R.~M. and {Stiening}, R. and {Weinberg},
        M.~D. and {Schneider}, S. and {Carpenter}, J.~M. and {Beichman},
        C. and {Capps}, R. and {Chester}, T. and {Elias}, J. and
        {Huchra}, J. and {Liebert}, J. and {Lonsdale}, C. and {Monet},
        D.~G. and {Price}, S. and {Seitzer}, P. and {Jarrett}, T. and
        {Kirkpatrick}, J.~D. and {Gizis}, J.~E. and {Howard}, E. and
        {Evans}, T. and {Fowler}, J. and {Fullmer}, L. and {Hurt}, R.
        and {Light}, R. and {Kopan}, E.~L. and {Marsh}, K.~A. and
        {McCallon}, H.~L. and {Tam}, R. and {Van Dyk}, S. and
        {Wheelock}, S.",
        title = "{The Two Micron All Sky Survey (2MASS)}",
      journal = "Astrophysical Journal",
         year = "2006",
        month = "Feb",
       volume = "131",
        pages = "1163-1183",
          doi = "10.1086/498708",
       adsurl = "https://ui.adsabs.harvard.edu/#abs/2006AJ....131.1163S"
}

@article{Mamajek2016,
       author = "{Mamajek}, E.",
        title = "{Mamajek 18: An Over-Density in Sco-Cen at D = 175 pc}",
         year = "2016",
        month = "9",
       adsurl = "https://figshare.com/articles/Mamajek_18_An_Over-Density_in_Sco-Cen_at_D_175_pc/3829947",
          doi = "10.6084/m9.figshare.3829947.v2"
}

@article{2014ApJ...797...14P,
   author = "{Perryman}, M. and {Hartman}, J. and {Bakos}, G.~{\'A}. and 
	{Lindegren}, L.",
    title = "{Astrometric Exoplanet Detection with Gaia}",
  journal = "ApJ",
     year = "2014",
    month = "dec",
   volume = "797",
    pages = "14",
      doi = "10.1088/0004-637X/797/1/14",
   adsurl = "http://adsabs.harvard.edu/abs/2014ApJ...797...14P"
}
